<?xml version="1.0" encoding="UTF-8"?><collection xmlns="http://www.loc.gov/MARC21/slim"><record><leader>00556nam--2200193-u-4500</leader><controlfield tag="001">000053179</controlfield><controlfield tag="002">20161230</controlfield><controlfield tag="005">20161230201051</controlfield><controlfield tag="008">110112s1000------------r-----000-0-rum-d</controlfield><datafield ind1=" " ind2=" " tag="040"><subfield code="a">IFIN-HH</subfield></datafield><datafield ind1=" " ind2=" " tag="041"><subfield code="a">rum</subfield></datafield><datafield ind1=" " ind2=" " tag="080"><subfield code="a">539.171.017:539.172.17(043)</subfield></datafield><datafield ind1="1" ind2=" " tag="100"><subfield code="a">Pop, Amalia</subfield></datafield><datafield ind1="1" ind2="0" tag="245"><subfield code="a">Mecanisme de interactie in reactii cu ioni grei</subfield><subfield code="b">Teza</subfield><subfield code="c">Amalia pop</subfield></datafield><datafield ind1=" " ind2=" " tag="260"><subfield code="a">Bucuresti</subfield><subfield code="b">Ifa</subfield><subfield code="c">1998</subfield></datafield><datafield ind1=" " ind2=" " tag="300"><subfield code="a">250P</subfield></datafield><datafield ind1=" " ind2=" " tag="502"><subfield code="a">Coordonaor Stiintific: Academician Prof. Dr. Doc. Aurel Sandulescu</subfield></datafield><datafield ind1=" " ind2=" " tag="852"><subfield code="a">80966</subfield><subfield code="c">539.17</subfield></datafield><datafield ind1=" " ind2=" " tag="CAT"><subfield code="a">Sys</subfield><subfield code="c">20110112</subfield><subfield code="h">092316</subfield></datafield></record></collection>